@misc{BloodPressure,
	title		= {UCI - Cuff-Less Blood Pressure Estimation Data Set},
  author	= {Mohamad Kachuee and others},
  note		= {Accessed: 19.03.2021},
  howpublished	= {\url{https://archive.ics.uci.edu/ml/datasets/Cuff-Less+Blood+Pressure+Estimation}},
}

@misc{BloodPressureDatabase,
	title		= {PhysioNet - Multiparameter Intelligent Monitoring in Intensive Care (MIMIC) II},
  note		= {Accessed: 20.03.2021},
  howpublished	= {\url{https://archive.physionet.org/mimic2/}},
}

@article{Goldberger2000PhysioBankPA,
  title={PhysioBank, PhysioToolkit, and PhysioNet: components of a new research resource for complex physiologic signals.},
  author={A. Goldberger and L. A. Amaral and L. Glass and Jeffrey M. Hausdorff and P. Ivanov and R. Mark and J. Mietus and G. Moody and C. Peng and H. Stanley},
  journal={Circulation},
  year={2000},
  volume={101 23},
  pages={E215-20}
}

@article{Kachuee2015CufflessHC,
  title={Cuff-less high-accuracy calibration-free blood pressure estimation using pulse transit time},
  author={Mohamad Kachuee and Mohammad Mahdi Kiani and Hoda Mohammadzade and M. Shabany},
  journal={2015 IEEE International Symposium on Circuits and Systems (ISCAS)},
  year={2015},
  pages={1006-1009}
}

@misc{DrugConsumption,
	title		= {UCI - Drug consumption (quantified) Data Set},
  author	= {Evgeny M. Mirkes and others},
  note		= {Accessed: 25.03.2021},
  howpublished	= {\url{https://archive.ics.uci.edu/ml/datasets/Drug+consumption+%28quantified%29}},
}

@article{fehrman2017factor,
  	title={The Five Factor Model of personality and evaluation of drug consumption risk},
  	author={E. Fehrman and A. K. Muhammad and E. M. Mirkes and V. Egan and A. N. Gorban},
  	year={2017},
  	eprint={1506.06297},
  	archivePrefix={arXiv},
  	howpublished	= {\url{http://archive.ics.uci.edu/ml/datasets/Drug+consumption+%28quantified%29}},
  }
