@misc{income,
    	title		= {UCI - Adult Data Set},
      author	= {Ronny Kohavi and Barry Becker },
      note		= {Accessed: 11.07.2021},
      howpublished	= {\url{https://archive.ics.uci.edu/ml/datasets/Adult}},
}

@misc{titanic,
    	title		= {Kaggle - Titanic, Machine Learning from Disaster},
      note		= {Accessed: 11.07.2021},
      howpublished	= {\url{https://www.kaggle.com/c/titanic/data}},
}

@misc{social,
    	title		= {Kaggle - Social Network Ads},
      note		= {Accessed: 11.07.2021},
      howpublished	= {\url{https://www.kaggle.com/rakeshrau/social-network-ads}},
}

@misc{gaussiancopula,
    	title		= {SDV},
      note		= {Accessed: 11.07.2021},
      howpublished	= {\url{https://sdv.dev/SDV/user_guides/single_table/gaussian_copula.html#what-is-gaussiancopula}},
}

@misc{ctgan,
    	title		= {SDV},
      note		= {Accessed: 11.07.2021},
      howpublished	= {\url{https://sdv.dev/SDV/user_guides/single_table/ctgan.html#what-is-ctgan}},
}

@misc{copulagan,
    	title		= {SDV},
      note		= {Accessed: 11.07.2021},
      howpublished	= {\url{https://sdv.dev/SDV/user_guides/single_table/copulagan.html}},
}
